%YAML 1.1
%TAG !u! tag:unity3d.com,2011:
--- !u!1 &1738021772801424571
GameObject:
  m_ObjectHideFlags: 0
  m_CorrespondingSourceObject: {fileID: 0}
  m_PrefabInstance: {fileID: 0}
  m_PrefabAsset: {fileID: 0}
  serializedVersion: 6
  m_Component:
  - component: {fileID: 1738021772801424570}
  - component: {fileID: 1738021772801424568}
  - component: {fileID: 1738021772801424569}
  m_Layer: 5
  m_Name: Rating
  m_TagString: Untagged
  m_Icon: {fileID: 0}
  m_NavMeshLayer: 0
  m_StaticEditorFlags: 0
  m_IsActive: 1
--- !u!224 &1738021772801424570
RectTransform:
  m_ObjectHideFlags: 0
  m_CorrespondingSourceObject: {fileID: 0}
  m_PrefabInstance: {fileID: 0}
  m_PrefabAsset: {fileID: 0}
  m_GameObject: {fileID: 1738021772801424571}
  m_LocalRotation: {x: 0, y: 0, z: 0, w: 1}
  m_LocalPosition: {x: 0, y: 0, z: 0}
  m_LocalScale: {x: 1, y: 1, z: 1}
  m_Children: []
  m_Father: {fileID: 1738021773705932422}
  m_RootOrder: 1
  m_LocalEulerAnglesHint: {x: 0, y: 0, z: 0}
  m_AnchorMin: {x: 1, y: 0}
  m_AnchorMax: {x: 1, y: 0}
  m_AnchoredPosition: {x: -128, y: 256}
  m_SizeDelta: {x: 300, y: 100}
  m_Pivot: {x: 1, y: 0}
--- !u!222 &1738021772801424568
CanvasRenderer:
  m_ObjectHideFlags: 0
  m_CorrespondingSourceObject: {fileID: 0}
  m_PrefabInstance: {fileID: 0}
  m_PrefabAsset: {fileID: 0}
  m_GameObject: {fileID: 1738021772801424571}
  m_CullTransparentMesh: 0
--- !u!114 &1738021772801424569
MonoBehaviour:
  m_ObjectHideFlags: 0
  m_CorrespondingSourceObject: {fileID: 0}
  m_PrefabInstance: {fileID: 0}
  m_PrefabAsset: {fileID: 0}
  m_GameObject: {fileID: 1738021772801424571}
  m_Enabled: 1
  m_EditorHideFlags: 0
  m_Script: {fileID: 11500000, guid: f4688fdb7df04437aeb418b961361dc5, type: 3}
  m_Name: 
  m_EditorClassIdentifier: 
  m_Material: {fileID: 0}
  m_Color: {r: 1, g: 1, b: 1, a: 1}
  m_RaycastTarget: 1
  m_Maskable: 1
  m_OnCullStateChanged:
    m_PersistentCalls:
      m_Calls: []
  m_text: 0
  m_isRightToLeft: 0
  m_fontAsset: {fileID: 11400000, guid: 8f586378b4e144a9851e7b34d9b748ee, type: 2}
  m_sharedMaterial: {fileID: 2180264, guid: 8f586378b4e144a9851e7b34d9b748ee, type: 2}
  m_fontSharedMaterials: []
  m_fontMaterial: {fileID: 0}
  m_fontMaterials: []
  m_fontColor32:
    serializedVersion: 2
    rgba: 4278255615
  m_fontColor: {r: 1, g: 1, b: 0, a: 1}
  m_enableVertexGradient: 0
  m_colorMode: 3
  m_fontColorGradient:
    topLeft: {r: 1, g: 1, b: 1, a: 1}
    topRight: {r: 1, g: 1, b: 1, a: 1}
    bottomLeft: {r: 1, g: 1, b: 1, a: 1}
    bottomRight: {r: 1, g: 1, b: 1, a: 1}
  m_fontColorGradientPreset: {fileID: 0}
  m_spriteAsset: {fileID: 0}
  m_tintAllSprites: 0
  m_StyleSheet: {fileID: 0}
  m_TextStyleHashCode: -1183493901
  m_overrideHtmlColors: 0
  m_faceColor:
    serializedVersion: 2
    rgba: 4294967295
  m_fontSize: 72
  m_fontSizeBase: 36
  m_fontWeight: 400
  m_enableAutoSizing: 1
  m_fontSizeMin: 18
  m_fontSizeMax: 72
  m_fontStyle: 0
  m_HorizontalAlignment: 4
  m_VerticalAlignment: 512
  m_textAlignment: 65535
  m_characterSpacing: 0
  m_wordSpacing: 0
  m_lineSpacing: 0
  m_lineSpacingMax: 0
  m_paragraphSpacing: 0
  m_charWidthMaxAdj: 0
  m_enableWordWrapping: 1
  m_wordWrappingRatios: 0.4
  m_overflowMode: 0
  m_linkedTextComponent: {fileID: 0}
  parentLinkedComponent: {fileID: 0}
  m_enableKerning: 1
  m_enableExtraPadding: 0
  checkPaddingRequired: 0
  m_isRichText: 1
  m_parseCtrlCharacters: 1
  m_isOrthographic: 1
  m_isCullingEnabled: 0
  m_horizontalMapping: 0
  m_verticalMapping: 0
  m_uvLineOffset: 0
  m_geometrySortingOrder: 0
  m_IsTextObjectScaleStatic: 0
  m_VertexBufferAutoSizeReduction: 1
  m_useMaxVisibleDescender: 1
  m_pageToDisplay: 1
  m_margin: {x: 0, y: 0, z: 0, w: 0}
  m_isUsingLegacyAnimationComponent: 0
  m_isVolumetricText: 0
  m_hasFontAssetChanged: 0
  m_baseMaterial: {fileID: 0}
  m_maskOffset: {x: 0, y: 0, z: 0, w: 0}
--- !u!1 &1738021773226895988
GameObject:
  m_ObjectHideFlags: 0
  m_CorrespondingSourceObject: {fileID: 0}
  m_PrefabInstance: {fileID: 0}
  m_PrefabAsset: {fileID: 0}
  serializedVersion: 6
  m_Component:
  - component: {fileID: 1738021773226895987}
  - component: {fileID: 1738021773226895985}
  - component: {fileID: 1738021773226895986}
  - component: {fileID: 1738021773226895984}
  m_Layer: 5
  m_Name: Timer
  m_TagString: Untagged
  m_Icon: {fileID: 0}
  m_NavMeshLayer: 0
  m_StaticEditorFlags: 0
  m_IsActive: 1
--- !u!224 &1738021773226895987
RectTransform:
  m_ObjectHideFlags: 0
  m_CorrespondingSourceObject: {fileID: 0}
  m_PrefabInstance: {fileID: 0}
  m_PrefabAsset: {fileID: 0}
  m_GameObject: {fileID: 1738021773226895988}
  m_LocalRotation: {x: 0, y: 0, z: 0, w: 1}
  m_LocalPosition: {x: 0, y: 0, z: 0}
  m_LocalScale: {x: 1, y: 1, z: 1}
  m_Children: []
  m_Father: {fileID: 1738021773705932422}
  m_RootOrder: 0
  m_LocalEulerAnglesHint: {x: 0, y: 0, z: 0}
  m_AnchorMin: {x: 0.5, y: 1}
  m_AnchorMax: {x: 0.5, y: 1}
  m_AnchoredPosition: {x: 0, y: -128}
  m_SizeDelta: {x: 500, y: 200}
  m_Pivot: {x: 0.5, y: 1}
--- !u!222 &1738021773226895985
CanvasRenderer:
  m_ObjectHideFlags: 0
  m_CorrespondingSourceObject: {fileID: 0}
  m_PrefabInstance: {fileID: 0}
  m_PrefabAsset: {fileID: 0}
  m_GameObject: {fileID: 1738021773226895988}
  m_CullTransparentMesh: 0
--- !u!114 &1738021773226895986
MonoBehaviour:
  m_ObjectHideFlags: 0
  m_CorrespondingSourceObject: {fileID: 0}
  m_PrefabInstance: {fileID: 0}
  m_PrefabAsset: {fileID: 0}
  m_GameObject: {fileID: 1738021773226895988}
  m_Enabled: 1
  m_EditorHideFlags: 0
  m_Script: {fileID: 11500000, guid: f4688fdb7df04437aeb418b961361dc5, type: 3}
  m_Name: 
  m_EditorClassIdentifier: 
  m_Material: {fileID: 0}
  m_Color: {r: 1, g: 1, b: 1, a: 1}
  m_RaycastTarget: 1
  m_Maskable: 1
  m_OnCullStateChanged:
    m_PersistentCalls:
      m_Calls: []
  m_text: 
  m_isRightToLeft: 0
  m_fontAsset: {fileID: 11400000, guid: 8f586378b4e144a9851e7b34d9b748ee, type: 2}
  m_sharedMaterial: {fileID: 2180264, guid: 8f586378b4e144a9851e7b34d9b748ee, type: 2}
  m_fontSharedMaterials: []
  m_fontMaterial: {fileID: 0}
  m_fontMaterials: []
  m_fontColor32:
    serializedVersion: 2
    rgba: 4294967295
  m_fontColor: {r: 1, g: 1, b: 1, a: 1}
  m_enableVertexGradient: 0
  m_colorMode: 3
  m_fontColorGradient:
    topLeft: {r: 1, g: 1, b: 1, a: 1}
    topRight: {r: 1, g: 1, b: 1, a: 1}
    bottomLeft: {r: 1, g: 1, b: 1, a: 1}
    bottomRight: {r: 1, g: 1, b: 1, a: 1}
  m_fontColorGradientPreset: {fileID: 0}
  m_spriteAsset: {fileID: 0}
  m_tintAllSprites: 0
  m_StyleSheet: {fileID: 0}
  m_TextStyleHashCode: -1183493901
  m_overrideHtmlColors: 0
  m_faceColor:
    serializedVersion: 2
    rgba: 4294967295
  m_fontSize: 36
  m_fontSizeBase: 36
  m_fontWeight: 400
  m_enableAutoSizing: 1
  m_fontSizeMin: 24
  m_fontSizeMax: 256
  m_fontStyle: 17
  m_HorizontalAlignment: 2
  m_VerticalAlignment: 512
  m_textAlignment: 65535
  m_characterSpacing: 0
  m_wordSpacing: 0
  m_lineSpacing: 0
  m_lineSpacingMax: 0
  m_paragraphSpacing: 0
  m_charWidthMaxAdj: 0
  m_enableWordWrapping: 1
  m_wordWrappingRatios: 0.4
  m_overflowMode: 0
  m_linkedTextComponent: {fileID: 0}
  parentLinkedComponent: {fileID: 0}
  m_enableKerning: 1
  m_enableExtraPadding: 0
  checkPaddingRequired: 0
  m_isRichText: 1
  m_parseCtrlCharacters: 1
  m_isOrthographic: 1
  m_isCullingEnabled: 0
  m_horizontalMapping: 0
  m_verticalMapping: 0
  m_uvLineOffset: 0
  m_geometrySortingOrder: 0
  m_IsTextObjectScaleStatic: 0
  m_VertexBufferAutoSizeReduction: 1
  m_useMaxVisibleDescender: 1
  m_pageToDisplay: 1
  m_margin: {x: 0, y: 0, z: 0, w: 0}
  m_isUsingLegacyAnimationComponent: 0
  m_isVolumetricText: 0
  m_hasFontAssetChanged: 0
  m_baseMaterial: {fileID: 0}
  m_maskOffset: {x: 0, y: 0, z: 0, w: 0}
--- !u!95 &1738021773226895984
Animator:
  serializedVersion: 3
  m_ObjectHideFlags: 0
  m_CorrespondingSourceObject: {fileID: 0}
  m_PrefabInstance: {fileID: 0}
  m_PrefabAsset: {fileID: 0}
  m_GameObject: {fileID: 1738021773226895988}
  m_Enabled: 1
  m_Avatar: {fileID: 0}
  m_Controller: {fileID: 9100000, guid: ed4c1ac62d963294aa56d2353d60873b, type: 2}
  m_CullingMode: 0
  m_UpdateMode: 0
  m_ApplyRootMotion: 0
  m_LinearVelocityBlending: 0
  m_WarningMessage: 
  m_HasTransformHierarchy: 1
  m_AllowConstantClipSamplingOptimization: 1
  m_KeepAnimatorControllerStateOnDisable: 0
--- !u!1 &1738021773233498357
GameObject:
  m_ObjectHideFlags: 0
  m_CorrespondingSourceObject: {fileID: 0}
  m_PrefabInstance: {fileID: 0}
  m_PrefabAsset: {fileID: 0}
  serializedVersion: 6
  m_Component:
  - component: {fileID: 1738021773233498356}
  - component: {fileID: 1738021773233498353}
  - component: {fileID: 1738021773233498354}
  - component: {fileID: 1738021773233498355}
  m_Layer: 5
  m_Name: SettingsButton
  m_TagString: Untagged
  m_Icon: {fileID: 0}
  m_NavMeshLayer: 0
  m_StaticEditorFlags: 0
  m_IsActive: 1
--- !u!224 &1738021773233498356
RectTransform:
  m_ObjectHideFlags: 0
  m_CorrespondingSourceObject: {fileID: 0}
  m_PrefabInstance: {fileID: 0}
  m_PrefabAsset: {fileID: 0}
  m_GameObject: {fileID: 1738021773233498357}
  m_LocalRotation: {x: 0, y: 0, z: 0, w: 1}
  m_LocalPosition: {x: 0, y: 0, z: 0}
  m_LocalScale: {x: 2, y: 2, z: 1}
  m_Children:
  - {fileID: 1738021773376316074}
  m_Father: {fileID: 1738021773705932422}
  m_RootOrder: 2
  m_LocalEulerAnglesHint: {x: 0, y: 0, z: 0}
  m_AnchorMin: {x: 0, y: 1}
  m_AnchorMax: {x: 0, y: 1}
  m_AnchoredPosition: {x: 80, y: -192}
  m_SizeDelta: {x: 70, y: 76}
  m_Pivot: {x: 0, y: 1}
--- !u!222 &1738021773233498353
CanvasRenderer:
  m_ObjectHideFlags: 0
  m_CorrespondingSourceObject: {fileID: 0}
  m_PrefabInstance: {fileID: 0}
  m_PrefabAsset: {fileID: 0}
  m_GameObject: {fileID: 1738021773233498357}
  m_CullTransparentMesh: 0
--- !u!114 &1738021773233498354
MonoBehaviour:
  m_ObjectHideFlags: 0
  m_CorrespondingSourceObject: {fileID: 0}
  m_PrefabInstance: {fileID: 0}
  m_PrefabAsset: {fileID: 0}
  m_GameObject: {fileID: 1738021773233498357}
  m_Enabled: 1
  m_EditorHideFlags: 0
  m_Script: {fileID: 11500000, guid: fe87c0e1cc204ed48ad3b37840f39efc, type: 3}
  m_Name: 
  m_EditorClassIdentifier: 
  m_Material: {fileID: 0}
  m_Color: {r: 1, g: 1, b: 1, a: 0.7529412}
  m_RaycastTarget: 1
  m_Maskable: 1
  m_OnCullStateChanged:
    m_PersistentCalls:
      m_Calls: []
  m_Sprite: {fileID: 21300000, guid: 221db54c6537e4c20bbbd4071f86e4fd, type: 3}
  m_Type: 0
  m_PreserveAspect: 0
  m_FillCenter: 1
  m_FillMethod: 4
  m_FillAmount: 1
  m_FillClockwise: 1
  m_FillOrigin: 0
  m_UseSpriteMesh: 0
  m_PixelsPerUnitMultiplier: 1
--- !u!114 &1738021773233498355
MonoBehaviour:
  m_ObjectHideFlags: 0
  m_CorrespondingSourceObject: {fileID: 0}
  m_PrefabInstance: {fileID: 0}
  m_PrefabAsset: {fileID: 0}
  m_GameObject: {fileID: 1738021773233498357}
  m_Enabled: 1
  m_EditorHideFlags: 0
  m_Script: {fileID: 11500000, guid: 4e29b1a8efbd4b44bb3f3716e73f07ff, type: 3}
  m_Name: 
  m_EditorClassIdentifier: 
  m_Navigation:
    m_Mode: 3
    m_SelectOnUp: {fileID: 0}
    m_SelectOnDown: {fileID: 0}
    m_SelectOnLeft: {fileID: 0}
    m_SelectOnRight: {fileID: 0}
  m_Transition: 1
  m_Colors:
    m_NormalColor: {r: 1, g: 1, b: 1, a: 1}
    m_HighlightedColor: {r: 0.9607843, g: 0.9607843, b: 0.9607843, a: 1}
    m_PressedColor: {r: 0.78431374, g: 0.78431374, b: 0.78431374, a: 1}
    m_SelectedColor: {r: 0.9607843, g: 0.9607843, b: 0.9607843, a: 1}
    m_DisabledColor: {r: 0.78431374, g: 0.78431374, b: 0.78431374, a: 0.5019608}
    m_ColorMultiplier: 1
    m_FadeDuration: 0.1
  m_SpriteState:
    m_HighlightedSprite: {fileID: 0}
    m_PressedSprite: {fileID: 0}
    m_SelectedSprite: {fileID: 0}
    m_DisabledSprite: {fileID: 0}
  m_AnimationTriggers:
    m_NormalTrigger: Normal
    m_HighlightedTrigger: Highlighted
    m_PressedTrigger: Pressed
    m_SelectedTrigger: Selected
    m_DisabledTrigger: Disabled
  m_Interactable: 1
  m_TargetGraphic: {fileID: 1738021773233498354}
  m_OnClick:
    m_PersistentCalls:
      m_Calls:
      - m_Target: {fileID: 0}
        m_MethodName: Pause
        m_Mode: 1
        m_Arguments:
          m_ObjectArgument: {fileID: 0}
          m_ObjectArgumentAssemblyTypeName: UnityEngine.Object, UnityEngine
          m_IntArgument: 0
          m_FloatArgument: 0
          m_StringArgument: 
          m_BoolArgument: 0
        m_CallState: 2
--- !u!1 &1738021773376316075
GameObject:
  m_ObjectHideFlags: 0
  m_CorrespondingSourceObject: {fileID: 0}
  m_PrefabInstance: {fileID: 0}
  m_PrefabAsset: {fileID: 0}
  serializedVersion: 6
  m_Component:
  - component: {fileID: 1738021773376316074}
  - component: {fileID: 1738021773376316072}
  - component: {fileID: 1738021773376316073}
  m_Layer: 5
  m_Name: Text
  m_TagString: Untagged
  m_Icon: {fileID: 0}
  m_NavMeshLayer: 0
  m_StaticEditorFlags: 0
  m_IsActive: 1
--- !u!224 &1738021773376316074
RectTransform:
  m_ObjectHideFlags: 0
  m_CorrespondingSourceObject: {fileID: 0}
  m_PrefabInstance: {fileID: 0}
  m_PrefabAsset: {fileID: 0}
  m_GameObject: {fileID: 1738021773376316075}
  m_LocalRotation: {x: -0, y: -0, z: -0, w: 1}
  m_LocalPosition: {x: 0, y: 0, z: 0}
  m_LocalScale: {x: 1, y: 1, z: 1}
  m_Children: []
  m_Father: {fileID: 1738021773233498356}
  m_RootOrder: 0
  m_LocalEulerAnglesHint: {x: 0, y: 0, z: 0}
  m_AnchorMin: {x: 0, y: 0}
  m_AnchorMax: {x: 1, y: 1}
  m_AnchoredPosition: {x: 0, y: 0}
  m_SizeDelta: {x: 0, y: 0}
  m_Pivot: {x: 0.5, y: 0.5}
--- !u!222 &1738021773376316072
CanvasRenderer:
  m_ObjectHideFlags: 0
  m_CorrespondingSourceObject: {fileID: 0}
  m_PrefabInstance: {fileID: 0}
  m_PrefabAsset: {fileID: 0}
  m_GameObject: {fileID: 1738021773376316075}
  m_CullTransparentMesh: 0
--- !u!114 &1738021773376316073
MonoBehaviour:
  m_ObjectHideFlags: 0
  m_CorrespondingSourceObject: {fileID: 0}
  m_PrefabInstance: {fileID: 0}
  m_PrefabAsset: {fileID: 0}
  m_GameObject: {fileID: 1738021773376316075}
  m_Enabled: 1
  m_EditorHideFlags: 0
  m_Script: {fileID: 11500000, guid: 5f7201a12d95ffc409449d95f23cf332, type: 3}
  m_Name: 
  m_EditorClassIdentifier: 
  m_Material: {fileID: 0}
  m_Color: {r: 0.19607843, g: 0.19607843, b: 0.19607843, a: 1}
  m_RaycastTarget: 1
  m_Maskable: 1
  m_OnCullStateChanged:
    m_PersistentCalls:
      m_Calls: []
  m_FontData:
    m_Font: {fileID: 10102, guid: 0000000000000000e000000000000000, type: 0}
    m_FontSize: 14
    m_FontStyle: 0
    m_BestFit: 0
    m_MinSize: 10
    m_MaxSize: 40
    m_Alignment: 4
    m_AlignByGeometry: 0
    m_RichText: 1
    m_HorizontalOverflow: 0
    m_VerticalOverflow: 0
    m_LineSpacing: 1
  m_Text: Button
--- !u!1 &1738021773705932410
GameObject:
  m_ObjectHideFlags: 0
  m_CorrespondingSourceObject: {fileID: 0}
  m_PrefabInstance: {fileID: 0}
  m_PrefabAsset: {fileID: 0}
  serializedVersion: 6
  m_Component:
  - component: {fileID: 1738021773705932422}
  - component: {fileID: 1738021773705932423}
  - component: {fileID: 1738021773705932408}
  - component: {fileID: 1738021773705932409}
  - component: {fileID: 1738021773705932421}
  m_Layer: 5
  m_Name: GameGUI
  m_TagString: Untagged
  m_Icon: {fileID: 0}
  m_NavMeshLayer: 0
  m_StaticEditorFlags: 0
  m_IsActive: 1
--- !u!224 &1738021773705932422
RectTransform:
  m_ObjectHideFlags: 0
  m_CorrespondingSourceObject: {fileID: 0}
  m_PrefabInstance: {fileID: 0}
  m_PrefabAsset: {fileID: 0}
  m_GameObject: {fileID: 1738021773705932410}
  m_LocalRotation: {x: 0, y: 0, z: 0, w: 1}
  m_LocalPosition: {x: 0, y: 0, z: 0}
  m_LocalScale: {x: 0, y: 0, z: 0}
  m_Children:
  - {fileID: 1738021773226895987}
  - {fileID: 1738021772801424570}
  - {fileID: 1738021773233498356}
  - {fileID: 7224058916094424039}
  - {fileID: 7275403250889116598}
  - {fileID: 8120192222378782119}
  m_Father: {fileID: 0}
  m_RootOrder: 0
  m_LocalEulerAnglesHint: {x: 0, y: 0, z: 0}
  m_AnchorMin: {x: 0, y: 0}
  m_AnchorMax: {x: 0, y: 0}
  m_AnchoredPosition: {x: 0, y: 0}
  m_SizeDelta: {x: 0, y: 0}
  m_Pivot: {x: 0, y: 0}
--- !u!223 &1738021773705932423
Canvas:
  m_ObjectHideFlags: 0
  m_CorrespondingSourceObject: {fileID: 0}
  m_PrefabInstance: {fileID: 0}
  m_PrefabAsset: {fileID: 0}
  m_GameObject: {fileID: 1738021773705932410}
  m_Enabled: 1
  serializedVersion: 3
  m_RenderMode: 0
  m_Camera: {fileID: 0}
  m_PlaneDistance: 100
  m_PixelPerfect: 0
  m_ReceivesEvents: 1
  m_OverrideSorting: 0
  m_OverridePixelPerfect: 0
  m_SortingBucketNormalizedSize: 0
  m_AdditionalShaderChannelsFlag: 25
  m_SortingLayerID: 0
  m_SortingOrder: 0
  m_TargetDisplay: 0
--- !u!114 &1738021773705932408
MonoBehaviour:
  m_ObjectHideFlags: 0
  m_CorrespondingSourceObject: {fileID: 0}
  m_PrefabInstance: {fileID: 0}
  m_PrefabAsset: {fileID: 0}
  m_GameObject: {fileID: 1738021773705932410}
  m_Enabled: 1
  m_EditorHideFlags: 0
  m_Script: {fileID: 11500000, guid: 0cd44c1031e13a943bb63640046fad76, type: 3}
  m_Name: 
  m_EditorClassIdentifier: 
  m_UiScaleMode: 1
  m_ReferencePixelsPerUnit: 512
  m_ScaleFactor: 1
  m_ReferenceResolution: {x: 1080, y: 1920}
  m_ScreenMatchMode: 0
  m_MatchWidthOrHeight: 0
  m_PhysicalUnit: 3
  m_FallbackScreenDPI: 96
  m_DefaultSpriteDPI: 96
  m_DynamicPixelsPerUnit: 1
--- !u!114 &1738021773705932409
MonoBehaviour:
  m_ObjectHideFlags: 0
  m_CorrespondingSourceObject: {fileID: 0}
  m_PrefabInstance: {fileID: 0}
  m_PrefabAsset: {fileID: 0}
  m_GameObject: {fileID: 1738021773705932410}
  m_Enabled: 1
  m_EditorHideFlags: 0
  m_Script: {fileID: 11500000, guid: dc42784cf147c0c48a680349fa168899, type: 3}
  m_Name: 
  m_EditorClassIdentifier: 
  m_IgnoreReversedGraphics: 1
  m_BlockingObjects: 0
  m_BlockingMask:
    serializedVersion: 2
    m_Bits: 4294967295
--- !u!114 &1738021773705932421
MonoBehaviour:
  m_ObjectHideFlags: 0
  m_CorrespondingSourceObject: {fileID: 0}
  m_PrefabInstance: {fileID: 0}
  m_PrefabAsset: {fileID: 0}
  m_GameObject: {fileID: 1738021773705932410}
  m_Enabled: 1
  m_EditorHideFlags: 0
  m_Script: {fileID: 11500000, guid: a8bd9a6d72277724bb8d32a73532c906, type: 3}
  m_Name: 
  m_EditorClassIdentifier: 
  _timer: {fileID: 1738021773226895986}
  _rating: {fileID: 1738021772801424569}
--- !u!114 &1637423940
MonoBehaviour:
  m_ObjectHideFlags: 0
  m_CorrespondingSourceObject: {fileID: 0}
  m_PrefabInstance: {fileID: 0}
  m_PrefabAsset: {fileID: 0}
  m_GameObject: {fileID: 7275403250889116593}
  m_Enabled: 1
  m_EditorHideFlags: 0
  m_Script: {fileID: 11500000, guid: 96fb49cf1949b2e46afd9f73e4de4592, type: 3}
  m_Name: 
  m_EditorClassIdentifier: 
  _newScore: {fileID: 7275403251196587872}
  _bestScore: {fileID: 7275403251416460788}
--- !u!1001 &1738021773070774357
PrefabInstance:
  m_ObjectHideFlags: 0
  serializedVersion: 2
  m_Modification:
    m_TransformParent: {fileID: 1738021773705932422}
    m_Modifications:
    - target: {fileID: 8962078420540982194, guid: bcc8abfad0552fb47bf2973c969d449d,
        type: 3}
      propertyPath: m_Pivot.x
      value: 0.5
      objectReference: {fileID: 0}
    - target: {fileID: 8962078420540982194, guid: bcc8abfad0552fb47bf2973c969d449d,
        type: 3}
      propertyPath: m_Pivot.y
      value: 0.5
      objectReference: {fileID: 0}
    - target: {fileID: 8962078420540982194, guid: bcc8abfad0552fb47bf2973c969d449d,
        type: 3}
      propertyPath: m_RootOrder
      value: 3
      objectReference: {fileID: 0}
    - target: {fileID: 8962078420540982194, guid: bcc8abfad0552fb47bf2973c969d449d,
        type: 3}
      propertyPath: m_AnchorMax.x
      value: 1
      objectReference: {fileID: 0}
    - target: {fileID: 8962078420540982194, guid: bcc8abfad0552fb47bf2973c969d449d,
        type: 3}
      propertyPath: m_AnchorMax.y
      value: 1
      objectReference: {fileID: 0}
    - target: {fileID: 8962078420540982194, guid: bcc8abfad0552fb47bf2973c969d449d,
        type: 3}
      propertyPath: m_AnchorMin.x
      value: 0
      objectReference: {fileID: 0}
    - target: {fileID: 8962078420540982194, guid: bcc8abfad0552fb47bf2973c969d449d,
        type: 3}
      propertyPath: m_AnchorMin.y
      value: 0
      objectReference: {fileID: 0}
    - target: {fileID: 8962078420540982194, guid: bcc8abfad0552fb47bf2973c969d449d,
        type: 3}
      propertyPath: m_SizeDelta.x
      value: 0
      objectReference: {fileID: 0}
    - target: {fileID: 8962078420540982194, guid: bcc8abfad0552fb47bf2973c969d449d,
        type: 3}
      propertyPath: m_SizeDelta.y
      value: 0
      objectReference: {fileID: 0}
    - target: {fileID: 8962078420540982194, guid: bcc8abfad0552fb47bf2973c969d449d,
        type: 3}
      propertyPath: m_LocalPosition.x
      value: 0
      objectReference: {fileID: 0}
    - target: {fileID: 8962078420540982194, guid: bcc8abfad0552fb47bf2973c969d449d,
        type: 3}
      propertyPath: m_LocalPosition.y
      value: 0
      objectReference: {fileID: 0}
    - target: {fileID: 8962078420540982194, guid: bcc8abfad0552fb47bf2973c969d449d,
        type: 3}
      propertyPath: m_LocalPosition.z
      value: -2
      objectReference: {fileID: 0}
    - target: {fileID: 8962078420540982194, guid: bcc8abfad0552fb47bf2973c969d449d,
        type: 3}
      propertyPath: m_LocalRotation.w
      value: 1
      objectReference: {fileID: 0}
    - target: {fileID: 8962078420540982194, guid: bcc8abfad0552fb47bf2973c969d449d,
        type: 3}
      propertyPath: m_LocalRotation.x
      value: 0
      objectReference: {fileID: 0}
    - target: {fileID: 8962078420540982194, guid: bcc8abfad0552fb47bf2973c969d449d,
        type: 3}
      propertyPath: m_LocalRotation.y
      value: 0
      objectReference: {fileID: 0}
    - target: {fileID: 8962078420540982194, guid: bcc8abfad0552fb47bf2973c969d449d,
        type: 3}
      propertyPath: m_LocalRotation.z
      value: 0
      objectReference: {fileID: 0}
    - target: {fileID: 8962078420540982194, guid: bcc8abfad0552fb47bf2973c969d449d,
        type: 3}
      propertyPath: m_AnchoredPosition.x
      value: 0
      objectReference: {fileID: 0}
    - target: {fileID: 8962078420540982194, guid: bcc8abfad0552fb47bf2973c969d449d,
        type: 3}
      propertyPath: m_AnchoredPosition.y
      value: 0
      objectReference: {fileID: 0}
    - target: {fileID: 8962078420540982194, guid: bcc8abfad0552fb47bf2973c969d449d,
        type: 3}
      propertyPath: m_LocalEulerAnglesHint.x
      value: 0
      objectReference: {fileID: 0}
    - target: {fileID: 8962078420540982194, guid: bcc8abfad0552fb47bf2973c969d449d,
        type: 3}
      propertyPath: m_LocalEulerAnglesHint.y
      value: 0
      objectReference: {fileID: 0}
    - target: {fileID: 8962078420540982194, guid: bcc8abfad0552fb47bf2973c969d449d,
        type: 3}
      propertyPath: m_LocalEulerAnglesHint.z
      value: 0
      objectReference: {fileID: 0}
    - target: {fileID: 8962078420540982195, guid: bcc8abfad0552fb47bf2973c969d449d,
        type: 3}
      propertyPath: m_Name
      value: PausePanel
      objectReference: {fileID: 0}
    - target: {fileID: 8962078420913540564, guid: bcc8abfad0552fb47bf2973c969d449d,
        type: 3}
      propertyPath: m_AnchorMax.y
      value: 0
      objectReference: {fileID: 0}
    - target: {fileID: 8962078420913540564, guid: bcc8abfad0552fb47bf2973c969d449d,
        type: 3}
      propertyPath: m_AnchorMin.y
      value: 0
      objectReference: {fileID: 0}
    - target: {fileID: 8962078420913540564, guid: bcc8abfad0552fb47bf2973c969d449d,
        type: 3}
      propertyPath: m_AnchoredPosition.x
      value: 0
      objectReference: {fileID: 0}
    - target: {fileID: 8962078420913540564, guid: bcc8abfad0552fb47bf2973c969d449d,
        type: 3}
      propertyPath: m_AnchoredPosition.y
      value: 0
      objectReference: {fileID: 0}
    - target: {fileID: 8962078420936627034, guid: bcc8abfad0552fb47bf2973c969d449d,
        type: 3}
      propertyPath: m_AnchorMax.y
      value: 0
      objectReference: {fileID: 0}
    - target: {fileID: 8962078420936627034, guid: bcc8abfad0552fb47bf2973c969d449d,
        type: 3}
      propertyPath: m_AnchorMin.y
      value: 0
      objectReference: {fileID: 0}
    - target: {fileID: 8962078420936627034, guid: bcc8abfad0552fb47bf2973c969d449d,
        type: 3}
      propertyPath: m_AnchoredPosition.x
      value: 0
      objectReference: {fileID: 0}
    - target: {fileID: 8962078420936627034, guid: bcc8abfad0552fb47bf2973c969d449d,
        type: 3}
      propertyPath: m_AnchoredPosition.y
      value: 0
      objectReference: {fileID: 0}
    - target: {fileID: 8962078421699254040, guid: bcc8abfad0552fb47bf2973c969d449d,
        type: 3}
      propertyPath: m_AnchorMax.y
      value: 0
      objectReference: {fileID: 0}
    - target: {fileID: 8962078421699254040, guid: bcc8abfad0552fb47bf2973c969d449d,
        type: 3}
      propertyPath: m_AnchorMin.y
      value: 0
      objectReference: {fileID: 0}
    - target: {fileID: 8962078421699254040, guid: bcc8abfad0552fb47bf2973c969d449d,
        type: 3}
      propertyPath: m_AnchoredPosition.x
      value: 0
      objectReference: {fileID: 0}
    - target: {fileID: 8962078421699254040, guid: bcc8abfad0552fb47bf2973c969d449d,
        type: 3}
      propertyPath: m_AnchoredPosition.y
      value: 0
      objectReference: {fileID: 0}
    - target: {fileID: 8962078421699254043, guid: bcc8abfad0552fb47bf2973c969d449d,
        type: 3}
      propertyPath: m_OnClick.m_PersistentCalls.m_Calls.Array.size
      value: 1
      objectReference: {fileID: 0}
    - target: {fileID: 8962078421699254043, guid: bcc8abfad0552fb47bf2973c969d449d,
        type: 3}
      propertyPath: m_OnClick.m_PersistentCalls.m_Calls.Array.data[0].m_Mode
      value: 1
      objectReference: {fileID: 0}
    - target: {fileID: 8962078421699254043, guid: bcc8abfad0552fb47bf2973c969d449d,
        type: 3}
      propertyPath: m_OnClick.m_PersistentCalls.m_Calls.Array.data[0].m_CallState
      value: 2
      objectReference: {fileID: 0}
    - target: {fileID: 8962078421699254043, guid: bcc8abfad0552fb47bf2973c969d449d,
        type: 3}
      propertyPath: m_OnClick.m_PersistentCalls.m_Calls.Array.data[0].m_MethodName
      value: BackToMenu
      objectReference: {fileID: 0}
    - target: {fileID: 8962078421699254043, guid: bcc8abfad0552fb47bf2973c969d449d,
        type: 3}
      propertyPath: m_OnClick.m_PersistentCalls.m_Calls.Array.data[0].m_Arguments.m_ObjectArgumentAssemblyTypeName
      value: UnityEngine.Object, UnityEngine
      objectReference: {fileID: 0}
    m_RemovedComponents: []
  m_SourcePrefab: {fileID: 100100000, guid: bcc8abfad0552fb47bf2973c969d449d, type: 3}
--- !u!224 &7224058916094424039 stripped
RectTransform:
  m_CorrespondingSourceObject: {fileID: 8962078420540982194, guid: bcc8abfad0552fb47bf2973c969d449d,
    type: 3}
  m_PrefabInstance: {fileID: 1738021773070774357}
  m_PrefabAsset: {fileID: 0}
--- !u!1001 &1738021773444928575
PrefabInstance:
  m_ObjectHideFlags: 0
  serializedVersion: 2
  m_Modification:
    m_TransformParent: {fileID: 1738021773705932422}
    m_Modifications:
    - target: {fileID: 5276286847232574456, guid: 2ed2bb2cba51f9244bbaee820d3809d8,
        type: 3}
      propertyPath: m_AnchorMax.y
      value: 0
      objectReference: {fileID: 0}
    - target: {fileID: 5276286847232574456, guid: 2ed2bb2cba51f9244bbaee820d3809d8,
        type: 3}
      propertyPath: m_AnchorMin.y
      value: 0
      objectReference: {fileID: 0}
    - target: {fileID: 5276286847232574456, guid: 2ed2bb2cba51f9244bbaee820d3809d8,
        type: 3}
      propertyPath: m_AnchoredPosition.x
      value: 540
      objectReference: {fileID: 0}
    - target: {fileID: 5276286847232574456, guid: 2ed2bb2cba51f9244bbaee820d3809d8,
        type: 3}
      propertyPath: m_AnchoredPosition.y
      value: -558.45197
      objectReference: {fileID: 0}
    - target: {fileID: 9000968517937613883, guid: 2ed2bb2cba51f9244bbaee820d3809d8,
        type: 3}
      propertyPath: m_AnchorMax.y
      value: 0
      objectReference: {fileID: 0}
    - target: {fileID: 9000968517937613883, guid: 2ed2bb2cba51f9244bbaee820d3809d8,
        type: 3}
      propertyPath: m_AnchorMin.y
      value: 0
      objectReference: {fileID: 0}
    - target: {fileID: 9000968517937613883, guid: 2ed2bb2cba51f9244bbaee820d3809d8,
        type: 3}
      propertyPath: m_AnchoredPosition.x
      value: 540
      objectReference: {fileID: 0}
    - target: {fileID: 9000968517937613883, guid: 2ed2bb2cba51f9244bbaee820d3809d8,
        type: 3}
      propertyPath: m_AnchoredPosition.y
      value: -678.45197
      objectReference: {fileID: 0}
    - target: {fileID: 9000968517983641481, guid: 2ed2bb2cba51f9244bbaee820d3809d8,
        type: 3}
      propertyPath: m_Pivot.x
      value: 0.5
      objectReference: {fileID: 0}
    - target: {fileID: 9000968517983641481, guid: 2ed2bb2cba51f9244bbaee820d3809d8,
        type: 3}
      propertyPath: m_Pivot.y
      value: 0.5
      objectReference: {fileID: 0}
    - target: {fileID: 9000968517983641481, guid: 2ed2bb2cba51f9244bbaee820d3809d8,
        type: 3}
      propertyPath: m_RootOrder
      value: 4
      objectReference: {fileID: 0}
    - target: {fileID: 9000968517983641481, guid: 2ed2bb2cba51f9244bbaee820d3809d8,
        type: 3}
      propertyPath: m_AnchorMax.x
      value: 1
      objectReference: {fileID: 0}
    - target: {fileID: 9000968517983641481, guid: 2ed2bb2cba51f9244bbaee820d3809d8,
        type: 3}
      propertyPath: m_AnchorMax.y
      value: 1
      objectReference: {fileID: 0}
    - target: {fileID: 9000968517983641481, guid: 2ed2bb2cba51f9244bbaee820d3809d8,
        type: 3}
      propertyPath: m_AnchorMin.x
      value: 0
      objectReference: {fileID: 0}
    - target: {fileID: 9000968517983641481, guid: 2ed2bb2cba51f9244bbaee820d3809d8,
        type: 3}
      propertyPath: m_AnchorMin.y
      value: 0
      objectReference: {fileID: 0}
    - target: {fileID: 9000968517983641481, guid: 2ed2bb2cba51f9244bbaee820d3809d8,
        type: 3}
      propertyPath: m_SizeDelta.x
      value: 0
      objectReference: {fileID: 0}
    - target: {fileID: 9000968517983641481, guid: 2ed2bb2cba51f9244bbaee820d3809d8,
        type: 3}
      propertyPath: m_SizeDelta.y
      value: 0
      objectReference: {fileID: 0}
    - target: {fileID: 9000968517983641481, guid: 2ed2bb2cba51f9244bbaee820d3809d8,
        type: 3}
      propertyPath: m_LocalPosition.x
      value: 0
      objectReference: {fileID: 0}
    - target: {fileID: 9000968517983641481, guid: 2ed2bb2cba51f9244bbaee820d3809d8,
        type: 3}
      propertyPath: m_LocalPosition.y
      value: 0
      objectReference: {fileID: 0}
    - target: {fileID: 9000968517983641481, guid: 2ed2bb2cba51f9244bbaee820d3809d8,
        type: 3}
      propertyPath: m_LocalPosition.z
      value: -3
      objectReference: {fileID: 0}
    - target: {fileID: 9000968517983641481, guid: 2ed2bb2cba51f9244bbaee820d3809d8,
        type: 3}
      propertyPath: m_LocalRotation.w
      value: 1
      objectReference: {fileID: 0}
    - target: {fileID: 9000968517983641481, guid: 2ed2bb2cba51f9244bbaee820d3809d8,
        type: 3}
      propertyPath: m_LocalRotation.x
      value: 0
      objectReference: {fileID: 0}
    - target: {fileID: 9000968517983641481, guid: 2ed2bb2cba51f9244bbaee820d3809d8,
        type: 3}
      propertyPath: m_LocalRotation.y
      value: 0
      objectReference: {fileID: 0}
    - target: {fileID: 9000968517983641481, guid: 2ed2bb2cba51f9244bbaee820d3809d8,
        type: 3}
      propertyPath: m_LocalRotation.z
      value: 0
      objectReference: {fileID: 0}
    - target: {fileID: 9000968517983641481, guid: 2ed2bb2cba51f9244bbaee820d3809d8,
        type: 3}
      propertyPath: m_AnchoredPosition.x
      value: 0
      objectReference: {fileID: 0}
    - target: {fileID: 9000968517983641481, guid: 2ed2bb2cba51f9244bbaee820d3809d8,
        type: 3}
      propertyPath: m_AnchoredPosition.y
      value: 0
      objectReference: {fileID: 0}
    - target: {fileID: 9000968517983641481, guid: 2ed2bb2cba51f9244bbaee820d3809d8,
        type: 3}
      propertyPath: m_LocalEulerAnglesHint.x
      value: 0
      objectReference: {fileID: 0}
    - target: {fileID: 9000968517983641481, guid: 2ed2bb2cba51f9244bbaee820d3809d8,
        type: 3}
      propertyPath: m_LocalEulerAnglesHint.y
      value: 0
      objectReference: {fileID: 0}
    - target: {fileID: 9000968517983641481, guid: 2ed2bb2cba51f9244bbaee820d3809d8,
        type: 3}
      propertyPath: m_LocalEulerAnglesHint.z
      value: 0
      objectReference: {fileID: 0}
    - target: {fileID: 9000968517983641486, guid: 2ed2bb2cba51f9244bbaee820d3809d8,
        type: 3}
      propertyPath: m_Name
      value: GameOverPanel
      objectReference: {fileID: 0}
    - target: {fileID: 9000968518139946356, guid: 2ed2bb2cba51f9244bbaee820d3809d8,
        type: 3}
      propertyPath: m_AnchorMax.y
      value: 0
      objectReference: {fileID: 0}
    - target: {fileID: 9000968518139946356, guid: 2ed2bb2cba51f9244bbaee820d3809d8,
        type: 3}
      propertyPath: m_AnchorMin.y
      value: 0
      objectReference: {fileID: 0}
    - target: {fileID: 9000968518139946356, guid: 2ed2bb2cba51f9244bbaee820d3809d8,
        type: 3}
      propertyPath: m_AnchoredPosition.x
      value: 540
      objectReference: {fileID: 0}
    - target: {fileID: 9000968518139946356, guid: 2ed2bb2cba51f9244bbaee820d3809d8,
        type: 3}
      propertyPath: m_AnchoredPosition.y
      value: -1278.4519
      objectReference: {fileID: 0}
    - target: {fileID: 9000968518302839821, guid: 2ed2bb2cba51f9244bbaee820d3809d8,
        type: 3}
      propertyPath: m_AnchorMax.y
      value: 0
      objectReference: {fileID: 0}
    - target: {fileID: 9000968518302839821, guid: 2ed2bb2cba51f9244bbaee820d3809d8,
        type: 3}
      propertyPath: m_AnchorMin.y
      value: 0
      objectReference: {fileID: 0}
    - target: {fileID: 9000968518302839821, guid: 2ed2bb2cba51f9244bbaee820d3809d8,
        type: 3}
      propertyPath: m_AnchoredPosition.x
      value: 540
      objectReference: {fileID: 0}
    - target: {fileID: 9000968518302839821, guid: 2ed2bb2cba51f9244bbaee820d3809d8,
        type: 3}
      propertyPath: m_AnchoredPosition.y
      value: -388.45197
      objectReference: {fileID: 0}
    - target: {fileID: 9000968518347134744, guid: 2ed2bb2cba51f9244bbaee820d3809d8,
        type: 3}
      propertyPath: m_AnchorMax.y
      value: 0
      objectReference: {fileID: 0}
    - target: {fileID: 9000968518347134744, guid: 2ed2bb2cba51f9244bbaee820d3809d8,
        type: 3}
      propertyPath: m_AnchorMin.y
      value: 0
      objectReference: {fileID: 0}
    - target: {fileID: 9000968518347134744, guid: 2ed2bb2cba51f9244bbaee820d3809d8,
        type: 3}
      propertyPath: m_AnchoredPosition.x
      value: 540
      objectReference: {fileID: 0}
    - target: {fileID: 9000968518347134744, guid: 2ed2bb2cba51f9244bbaee820d3809d8,
        type: 3}
      propertyPath: m_AnchoredPosition.y
      value: -978.45197
      objectReference: {fileID: 0}
    - target: {fileID: 9000968518740683112, guid: 2ed2bb2cba51f9244bbaee820d3809d8,
        type: 3}
      propertyPath: m_OnClick.m_PersistentCalls.m_Calls.Array.size
      value: 1
      objectReference: {fileID: 0}
    - target: {fileID: 9000968518740683112, guid: 2ed2bb2cba51f9244bbaee820d3809d8,
        type: 3}
      propertyPath: m_OnClick.m_PersistentCalls.m_Calls.Array.data[0].m_Mode
      value: 1
      objectReference: {fileID: 0}
    - target: {fileID: 9000968518740683112, guid: 2ed2bb2cba51f9244bbaee820d3809d8,
        type: 3}
      propertyPath: m_OnClick.m_PersistentCalls.m_Calls.Array.data[0].m_CallState
      value: 2
      objectReference: {fileID: 0}
    - target: {fileID: 9000968518740683112, guid: 2ed2bb2cba51f9244bbaee820d3809d8,
        type: 3}
      propertyPath: m_OnClick.m_PersistentCalls.m_Calls.Array.data[0].m_MethodName
      value: BackToMenu
      objectReference: {fileID: 0}
    - target: {fileID: 9000968518740683112, guid: 2ed2bb2cba51f9244bbaee820d3809d8,
        type: 3}
      propertyPath: m_OnClick.m_PersistentCalls.m_Calls.Array.data[0].m_Arguments.m_ObjectArgumentAssemblyTypeName
      value: UnityEngine.Object, UnityEngine
      objectReference: {fileID: 0}
    - target: {fileID: 9000968518740683113, guid: 2ed2bb2cba51f9244bbaee820d3809d8,
        type: 3}
      propertyPath: m_AnchorMax.y
      value: 0
      objectReference: {fileID: 0}
    - target: {fileID: 9000968518740683113, guid: 2ed2bb2cba51f9244bbaee820d3809d8,
        type: 3}
      propertyPath: m_AnchorMin.y
      value: 0
      objectReference: {fileID: 0}
    - target: {fileID: 9000968518740683113, guid: 2ed2bb2cba51f9244bbaee820d3809d8,
        type: 3}
      propertyPath: m_AnchoredPosition.x
      value: 540
      objectReference: {fileID: 0}
    - target: {fileID: 9000968518740683113, guid: 2ed2bb2cba51f9244bbaee820d3809d8,
        type: 3}
      propertyPath: m_AnchoredPosition.y
      value: -1478.4519
      objectReference: {fileID: 0}
    - target: {fileID: 9000968518898015383, guid: 2ed2bb2cba51f9244bbaee820d3809d8,
        type: 3}
      propertyPath: m_AnchorMax.y
      value: 0
      objectReference: {fileID: 0}
    - target: {fileID: 9000968518898015383, guid: 2ed2bb2cba51f9244bbaee820d3809d8,
        type: 3}
      propertyPath: m_AnchorMin.y
      value: 0
      objectReference: {fileID: 0}
    - target: {fileID: 9000968518898015383, guid: 2ed2bb2cba51f9244bbaee820d3809d8,
        type: 3}
      propertyPath: m_AnchoredPosition.x
      value: 540
      objectReference: {fileID: 0}
    - target: {fileID: 9000968518898015383, guid: 2ed2bb2cba51f9244bbaee820d3809d8,
        type: 3}
      propertyPath: m_AnchoredPosition.y
      value: -488.45197
      objectReference: {fileID: 0}
    - target: {fileID: 9000968519434582876, guid: 2ed2bb2cba51f9244bbaee820d3809d8,
        type: 3}
      propertyPath: m_AnchorMax.y
      value: 0
      objectReference: {fileID: 0}
    - target: {fileID: 9000968519434582876, guid: 2ed2bb2cba51f9244bbaee820d3809d8,
        type: 3}
      propertyPath: m_AnchorMin.y
      value: 0
      objectReference: {fileID: 0}
    - target: {fileID: 9000968519434582876, guid: 2ed2bb2cba51f9244bbaee820d3809d8,
        type: 3}
      propertyPath: m_AnchoredPosition.x
      value: 540
      objectReference: {fileID: 0}
    - target: {fileID: 9000968519434582876, guid: 2ed2bb2cba51f9244bbaee820d3809d8,
        type: 3}
      propertyPath: m_AnchoredPosition.y
      value: -828.45197
      objectReference: {fileID: 0}
    - target: {fileID: 9000968519434582879, guid: 2ed2bb2cba51f9244bbaee820d3809d8,
        type: 3}
      propertyPath: m_text
      value: 
      objectReference: {fileID: 0}
    - target: {fileID: 9000968519586822600, guid: 2ed2bb2cba51f9244bbaee820d3809d8,
        type: 3}
      propertyPath: m_AnchorMax.y
      value: 0
      objectReference: {fileID: 0}
    - target: {fileID: 9000968519586822600, guid: 2ed2bb2cba51f9244bbaee820d3809d8,
        type: 3}
      propertyPath: m_AnchorMin.y
      value: 0
      objectReference: {fileID: 0}
    - target: {fileID: 9000968519586822600, guid: 2ed2bb2cba51f9244bbaee820d3809d8,
        type: 3}
      propertyPath: m_AnchoredPosition.x
      value: 540
      objectReference: {fileID: 0}
    - target: {fileID: 9000968519586822600, guid: 2ed2bb2cba51f9244bbaee820d3809d8,
        type: 3}
      propertyPath: m_AnchoredPosition.y
      value: -1128.4519
      objectReference: {fileID: 0}
    - target: {fileID: 9000968519586822603, guid: 2ed2bb2cba51f9244bbaee820d3809d8,
        type: 3}
      propertyPath: m_text
      value: 
      objectReference: {fileID: 0}
    m_RemovedComponents: []
  m_SourcePrefab: {fileID: 100100000, guid: 2ed2bb2cba51f9244bbaee820d3809d8, type: 3}
--- !u!1 &7275403250889116593 stripped
GameObject:
  m_CorrespondingSourceObject: {fileID: 9000968517983641486, guid: 2ed2bb2cba51f9244bbaee820d3809d8,
    type: 3}
  m_PrefabInstance: {fileID: 1738021773444928575}
  m_PrefabAsset: {fileID: 0}
--- !u!224 &7275403250889116598 stripped
RectTransform:
  m_CorrespondingSourceObject: {fileID: 9000968517983641481, guid: 2ed2bb2cba51f9244bbaee820d3809d8,
    type: 3}
  m_PrefabInstance: {fileID: 1738021773444928575}
  m_PrefabAsset: {fileID: 0}
--- !u!114 &7275403251196587872 stripped
MonoBehaviour:
  m_CorrespondingSourceObject: {fileID: 9000968519434582879, guid: 2ed2bb2cba51f9244bbaee820d3809d8,
    type: 3}
  m_PrefabInstance: {fileID: 1738021773444928575}
  m_PrefabAsset: {fileID: 0}
  m_GameObject: {fileID: 0}
  m_Enabled: 1
  m_EditorHideFlags: 0
  m_Script: {fileID: 11500000, guid: f4688fdb7df04437aeb418b961361dc5, type: 3}
  m_Name: 
  m_EditorClassIdentifier: 
--- !u!114 &7275403251416460788 stripped
MonoBehaviour:
  m_CorrespondingSourceObject: {fileID: 9000968519586822603, guid: 2ed2bb2cba51f9244bbaee820d3809d8,
    type: 3}
  m_PrefabInstance: {fileID: 1738021773444928575}
  m_PrefabAsset: {fileID: 0}
  m_GameObject: {fileID: 0}
  m_Enabled: 1
  m_EditorHideFlags: 0
  m_Script: {fileID: 11500000, guid: f4688fdb7df04437aeb418b961361dc5, type: 3}
  m_Name: 
  m_EditorClassIdentifier: 
--- !u!1001 &4553711045736140511
PrefabInstance:
  m_ObjectHideFlags: 0
  serializedVersion: 2
  m_Modification:
    m_TransformParent: {fileID: 1738021773705932422}
    m_Modifications:
    - target: {fileID: 5729352629463999352, guid: dd2de32fdc418544484585730003c284,
        type: 3}
      propertyPath: m_Pivot.x
      value: 0.5
      objectReference: {fileID: 0}
    - target: {fileID: 5729352629463999352, guid: dd2de32fdc418544484585730003c284,
        type: 3}
      propertyPath: m_Pivot.y
      value: 0.5
      objectReference: {fileID: 0}
    - target: {fileID: 5729352629463999352, guid: dd2de32fdc418544484585730003c284,
        type: 3}
      propertyPath: m_RootOrder
      value: 5
      objectReference: {fileID: 0}
    - target: {fileID: 5729352629463999352, guid: dd2de32fdc418544484585730003c284,
        type: 3}
      propertyPath: m_AnchorMax.x
      value: 1
      objectReference: {fileID: 0}
    - target: {fileID: 5729352629463999352, guid: dd2de32fdc418544484585730003c284,
        type: 3}
      propertyPath: m_AnchorMax.y
      value: 1
      objectReference: {fileID: 0}
    - target: {fileID: 5729352629463999352, guid: dd2de32fdc418544484585730003c284,
        type: 3}
      propertyPath: m_AnchorMin.x
      value: 0
      objectReference: {fileID: 0}
    - target: {fileID: 5729352629463999352, guid: dd2de32fdc418544484585730003c284,
        type: 3}
      propertyPath: m_AnchorMin.y
      value: 0
      objectReference: {fileID: 0}
    - target: {fileID: 5729352629463999352, guid: dd2de32fdc418544484585730003c284,
        type: 3}
      propertyPath: m_SizeDelta.x
      value: 0
      objectReference: {fileID: 0}
    - target: {fileID: 5729352629463999352, guid: dd2de32fdc418544484585730003c284,
        type: 3}
      propertyPath: m_SizeDelta.y
      value: 0
      objectReference: {fileID: 0}
    - target: {fileID: 5729352629463999352, guid: dd2de32fdc418544484585730003c284,
        type: 3}
      propertyPath: m_LocalPosition.x
      value: 0
      objectReference: {fileID: 0}
    - target: {fileID: 5729352629463999352, guid: dd2de32fdc418544484585730003c284,
        type: 3}
      propertyPath: m_LocalPosition.y
      value: 0
      objectReference: {fileID: 0}
    - target: {fileID: 5729352629463999352, guid: dd2de32fdc418544484585730003c284,
        type: 3}
      propertyPath: m_LocalPosition.z
      value: 0
      objectReference: {fileID: 0}
    - target: {fileID: 5729352629463999352, guid: dd2de32fdc418544484585730003c284,
        type: 3}
      propertyPath: m_LocalRotation.w
      value: 1
      objectReference: {fileID: 0}
    - target: {fileID: 5729352629463999352, guid: dd2de32fdc418544484585730003c284,
        type: 3}
      propertyPath: m_LocalRotation.x
      value: 0
      objectReference: {fileID: 0}
    - target: {fileID: 5729352629463999352, guid: dd2de32fdc418544484585730003c284,
        type: 3}
      propertyPath: m_LocalRotation.y
      value: 0
      objectReference: {fileID: 0}
    - target: {fileID: 5729352629463999352, guid: dd2de32fdc418544484585730003c284,
        type: 3}
      propertyPath: m_LocalRotation.z
      value: 0
      objectReference: {fileID: 0}
    - target: {fileID: 5729352629463999352, guid: dd2de32fdc418544484585730003c284,
        type: 3}
      propertyPath: m_AnchoredPosition.x
      value: 0
      objectReference: {fileID: 0}
    - target: {fileID: 5729352629463999352, guid: dd2de32fdc418544484585730003c284,
        type: 3}
      propertyPath: m_AnchoredPosition.y
      value: 0
      objectReference: {fileID: 0}
    - target: {fileID: 5729352629463999352, guid: dd2de32fdc418544484585730003c284,
        type: 3}
      propertyPath: m_LocalEulerAnglesHint.x
      value: 0
      objectReference: {fileID: 0}
    - target: {fileID: 5729352629463999352, guid: dd2de32fdc418544484585730003c284,
        type: 3}
      propertyPath: m_LocalEulerAnglesHint.y
      value: 0
      objectReference: {fileID: 0}
    - target: {fileID: 5729352629463999352, guid: dd2de32fdc418544484585730003c284,
        type: 3}
      propertyPath: m_LocalEulerAnglesHint.z
      value: 0
      objectReference: {fileID: 0}
    - target: {fileID: 5729352629463999353, guid: dd2de32fdc418544484585730003c284,
        type: 3}
      propertyPath: m_Name
      value: FadeToBlack
      objectReference: {fileID: 0}
    m_RemovedComponents: []
  m_SourcePrefab: {fileID: 100100000, guid: dd2de32fdc418544484585730003c284, type: 3}
--- !u!224 &8120192222378782119 stripped
RectTransform:
  m_CorrespondingSourceObject: {fileID: 5729352629463999352, guid: dd2de32fdc418544484585730003c284,
    type: 3}
  m_PrefabInstance: {fileID: 4553711045736140511}
  m_PrefabAsset: {fileID: 0}
